@online{khan2024,
    author  = {Khan, Ahmed N.},
    title   = {DJI Mavic 3 Max Altitude â€“ How High Can It Go?},
    date    = {2024-07-02},
    url     = {https://flythatdrone.com/blog/dji-mavic-3-max-altitude/},
    urldate = {2024-09-27}
}
@online{auld2024,
    author  = {Auld, Douglass},
    title   = {TABLE OF ATMOSPHERIC PROPERTIES (ISA)},
    year    = {2024},
    url     = {https://www.aerodynamics4students.com/properties-of-the-atmosphere/table-of-atmospheric-properties.php},
    urldate = {2024-09-27}
}
@online{techwinder2024,
    author  = {techwinder},
    title   = {XFLR5},
    date    = {2024-04-16},
    url     = {http://www.xflr5.tech/xflr5.htm},
    urldate = {2024-09-27}
}
@online{mathworks2024,
    author  = {MathWorks},
    title   = {MATLAB},
    year    = {2024},
    url     = {https://www.mathworks.com/products/matlab.html},
    urldate = {2024-09-27}
}
@online{uiuc2024,
    author  = {{University of Illinois at Urbana-Champaign}},
    title   = {UIUC Airfoil Coordinates Database},
    year    = {2024},
    url     = {https://m-selig.ae.illinois.edu/ads/coord_database.html},
    urldate = {2024-09-27}
}
@unpublished{grager2024,
    author  = {Travis Grager},
    title   = {Initial Aircraft Sizing},
    note    = {Lecture slides},
    year    = {2024},
    url     = {https://canvas.iastate.edu/courses/112913/files/28152652?module_item_id=6639450},
    urldate = {2024-09-27}
}
